<?xml version="1.0" encoding="UTF-8" ?><marc:collection xmlns:marc="http://www.loc.gov/MARC21/slim" xmlns:xsi="http://www.w3.org/2001/XMLSchema-instance" xsi:schemaLocation="http://www.loc.gov/MARC21/slim http://www.loc.gov/standards/marcxml/schema/MARC21slim.xsd">
<marc:record><marc:leader>01401cz  a2200277n  4500</marc:leader>
<marc:controlfield tag="001">tgn7016849</marc:controlfield>
<marc:controlfield tag="005">20120328083154.0</marc:controlfield><marc:controlfield tag="008">860211|| azznnaabn          |b anc      </marc:controlfield><marc:datafield tag="024" ind1="7" ind2=" "><marc:subfield code="a">http://vocab.getty.edu/tgn/7016849</marc:subfield><marc:subfield code="2">uri</marc:subfield></marc:datafield><marc:datafield tag="024" ind1="7" ind2=" "><marc:subfield code="a">7016849</marc:subfield><marc:subfield code="2">tgn</marc:subfield></marc:datafield><marc:datafield tag="024" ind1="7" ind2=" "><marc:subfield code="a">http://id.loc.gov/authorities/subjects/sh85146164</marc:subfield><marc:subfield code="2">uri</marc:subfield></marc:datafield><marc:datafield tag="024" ind1="7" ind2=" "><marc:subfield code="a">sh85146164</marc:subfield><marc:subfield code="2">lcsh</marc:subfield></marc:datafield><marc:datafield tag="034" ind1=" " ind2=" "><marc:subfield code="d">E0351500</marc:subfield><marc:subfield code="e">E0351500</marc:subfield><marc:subfield code="f">N0314000</marc:subfield><marc:subfield code="g">N0314000</marc:subfield><marc:subfield code="2">geonames</marc:subfield></marc:datafield><marc:datafield tag="040" ind1=" " ind2=" "><marc:subfield code="a">DLC</marc:subfield><marc:subfield code="b">eng</marc:subfield><marc:subfield code="e">rda</marc:subfield><marc:subfield code="c">DLC</marc:subfield><marc:subfield code="d">DLC</marc:subfield><marc:subfield code="d">ViHarT</marc:subfield></marc:datafield><marc:datafield tag="043" ind1=" " ind2=" "><marc:subfield code="a">awba---</marc:subfield></marc:datafield><marc:datafield tag="151" ind1=" " ind2=" "><marc:subfield code="a">West Bank (occupied territory)</marc:subfield></marc:datafield><marc:datafield tag="451" ind1=" " ind2=" "><marc:subfield code="a">Ḍaffah al-Gharbīyah.</marc:subfield></marc:datafield><marc:datafield tag="451" ind1=" " ind2=" "><marc:subfield code="a">Gadah ha-maʻaravit.</marc:subfield></marc:datafield><marc:datafield tag="451" ind1=" " ind2=" "><marc:subfield code="a">Judaea and Samaria.</marc:subfield></marc:datafield><marc:datafield tag="451" ind1=" " ind2=" "><marc:subfield code="a">Judea and Samaria.</marc:subfield></marc:datafield><marc:datafield tag="451" ind1=" " ind2=" "><marc:subfield code="a">West Bank of the Jordan River.</marc:subfield></marc:datafield><marc:datafield tag="451" ind1=" " ind2=" "><marc:subfield code="a">Yehudah ṿeha-Shomron.</marc:subfield></marc:datafield><marc:datafield tag="551" ind1=" " ind2=" "><marc:subfield code="w">g</marc:subfield><marc:subfield code="a">State of Palestine (autonomous area)</marc:subfield></marc:datafield><marc:datafield tag="670" ind1=" " ind2=" "><marc:subfield code="a">Getty TGN, 2018:</marc:subfield><marc:subfield code="b">online (West Bank (occupied territory))</marc:subfield><marc:subfield code="u">http://vocab.getty.edu/tgn/7016849.</marc:subfield></marc:datafield><marc:datafield tag="680" ind1=" " ind2=" "><marc:subfield code="i">Area on the west bank of the Jordan River. Its current temporary status is Israeli-occupied subject to the Israeli-Palestinian Interim Agreement. It was annexed by Jordan in 1949 and administered as the governorates Jerusalem, Hebron, and Nablus; occupied by Israel after 1967 Six Day War and administered by Judea-Samaria district; Palestinians have since asserted claims to the area and have authority over much of its territory.</marc:subfield></marc:datafield><marc:datafield tag="781" ind1=" " ind2="0"><marc:subfield code="z">West Bank (occupied territory)</marc:subfield></marc:datafield></marc:record>
</marc:collection>
